
@ARTICLE{Marcais2012-bc,
  title   = "Jellyfish: A fast k-mer counter",
  author  = "Marcais, G and Kingsford, C",
  journal = "Tutorialis e Manuais",
  pages   = "1--8",
  year    =  2012,
  url     = "https://eagle.fish.washington.edu/whale/fish546/Trinity_r2013-08-14_analysis1-2014-02-08-20-44-13.233/bin/trinityrnaseq_r2013_08_14/trinity-plugins/jellyfish/doc/jellyfish.pdf"
}


@ARTICLE{DeMaere2018-gf,
  title    = "{Sim3C}: simulation of {Hi-C} and {Meta3C} proximity ligation
              sequencing technologies",
  author   = "DeMaere, Matthew Z and Darling, Aaron E",
  journal  = "Gigascience",
  volume   =  7,
  number   =  2,
  month    =  feb,
  year     =  2018,
  url      = "http://dx.doi.org/10.1093/gigascience/gix103",
  language = "en",
  issn     = "2047-217X",
  pmid     = "29149264",
  doi      = "10.1093/gigascience/gix103",
  pmc      = "PMC5827349"
}


@ARTICLE{Kadota2020-wd,
  title     = "Multifaceted {Hi-C} benchmarking: what makes a difference in
               chromosome-scale genome scaffolding?",
  author    = "Kadota, Mitsutaka and Nishimura, Osamu and Miura, Hisashi and
               Tanaka, Kaori and Hiratani, Ichiro and Kuraku, Shigehiro",
  journal   = "Gigascience",
  publisher = "biorxiv.org",
  volume    =  9,
  number    =  1,
  month     =  jan,
  year      =  2020,
  url       = "http://dx.doi.org/10.1093/gigascience/giz158",
  keywords  = "Hi-C; chromosomes; genome scaffolding; proximity-guided
               assembly; softshell turtle",
  language  = "en",
  issn      = "2047-217X",
  pmid      = "31919520",
  doi       = "10.1093/gigascience/giz158",
  pmc       = "PMC6952475"
}


@ARTICLE{Ewels2016-up,
  title    = "{MultiQC}: summarize analysis results for multiple tools and
              samples in a single report",
  author   = "Ewels, Philip and Magnusson, M{\aa}ns and Lundin, Sverker and
              K{\"a}ller, Max",
  journal  = "Bioinformatics",
  volume   =  32,
  number   =  19,
  pages    = "3047--3048",
  month    =  oct,
  year     =  2016,
  url      = "http://dx.doi.org/10.1093/bioinformatics/btw354",
  language = "en",
  issn     = "1367-4803, 1367-4811",
  pmid     = "27312411",
  doi      = "10.1093/bioinformatics/btw354",
  pmc      = "PMC5039924"
}
